% !TeX spellcheck = ru_RU
@online{miminet,
    author = {СПбГУ},
    title = {Веб-эмулятор Miminet},
    url = {https://miminet.ru/},
    urldate = {\DTMdate{2025-02-22}},
    language = {russian}
}

@online{python,
    author = {Python Software Foundation},
    title = {Python 3},
    url = {https://docs.python.org/3.13/},
    language = {english}
}

@online{celery,
    author = {Ask Solem},
    title = {Celery Project 5.4.0},
    url = {https://docs.celeryq.dev/en/stable/getting-started/index.html},
    language = {english}
}

@online{rabbitmq,
    author = {Broadcom Inc},
    title = {RabbitMQ 4.0.6},
    url = {https://www.rabbitmq.com/},
    language = {english}
}

@online{stepik,
    author = {Илья Зеленчук},
    title = {Основы компьютерных сетей},
    url = {https://stepik.org/course/208904/syllabus},
    language = {russian}
}

@online{cisco,
    author = {Cisco System, Inc},
    title = {Cisco},
    url = {https://www.cisco.com/},
    language = {english}
}

@online{mininet,
    author = {Rogério Leão Santos De Oliveira Christiane Marie Schweitzer Ailton
 Akira Shinoda Ligia Rodrigues Prete},
    title = { Using mininet for emulation
 and prototyping software-defined networks},
    url = {},
    language = {english},
    pages = {1-6},
    note = {P. 1–6}
}
