@book{marx1845,
  title     = {Немецкая идеология},
  author    = {Маркс, Карл and Энгельс, Фридрих},
  year      = {1845},
  publisher = {Прогресс},
  address   = {Москва}
}

@book{marx1867,
  title     = {Капитал},
  author    = {Маркс, Карл},
  volume    = {1},
  year      = {1867},
  publisher = {Политиздат}
}

@book{marx1848,
  title     = {Манифест Коммунистической партии},
  author    = {Маркс, Карл and Энгельс, Фридрих},
  year      = {1848},
  publisher = {Госполитиздат}
}

@book{hegel1807,
  title     = {Феноменология духа},
  author    = {Гегель, Г. В. Ф.},
  year      = {1807},
  publisher = {Наука},
  address   = {Санкт-Петербург}
}

@book{lenin1902,
  title     = {Что делать?},
  author    = {Ленин, В. И.},
  year      = {1902},
  publisher = {Пролетарий}
}

@book{horkheimer1947,
  title     = {Диалектика просвещения},
  author    = {Хоркхаймер, Макс and Адорно, Теодор},
  year      = {1947},
  publisher = {Социум}
}

@book{hayek1944,
  title     = {Дорога к рабству},
  author    = {Хайек, Фридрих},
  year      = {1944},
  publisher = {Новое издательство}
}

@book{mises1922,
  title     = {Социализм},
  author    = {Мизес, Людвиг фон},
  year      = {1922},
  publisher = {Catallaxy}
}
