% !TeX spellcheck = ru_RU
@online{miminet,
    author = {СПбГУ},
    title = {Веб-эмулятор Miminet},
    url = {https://miminet.ru/},
    language = {russian}
}

@online{mininet,
    author = {Rogério Leão Santos De Oliveira Christiane Marie Schweitzer Ailton
 Akira Shinoda Ligia Rodrigues Prete},
    title = { Using mininet for emulation
 and prototyping software-defined networks},
    url = {},
    language = {english},
    pages = {1-6},
    note = {P. 1–6}
}
